<?xml version="1.0" encoding="UTF-8"?>
<!DOCTYPE html PUBLIC "-//W3C//DTD XHTML 1.0 Transitional//EN"
    "http://www.w3.org/TR/xhtml1/DTD/xhtml1-transitional.dtd">
<html xmlns="http://www.w3.org/1999/xhtml" xml:lang="en" lang="en">
 <head>
  <title>
</title>
<meta http-equiv="Content-Type" content="text/html;charset=utf-8" />
  <meta name='ocr-system' content='tesseract 3.04.00' />
  <meta name='ocr-capabilities' content='ocr_page ocr_carea ocr_par ocr_line ocrx_word'/>
</head>
<body>
  <div class='ocr_page' id='page_1' title='image "./4770485_0010.png"; bbox 0 0 2774 3711; ppageno 0'>
   <div class='ocr_carea' id='block_1_1' title="bbox 2322 0 2361 176">
    <p class='ocr_par' dir='ltr' id='par_1_1' title="bbox 2322 0 2377 217">
     <span class='ocr_line' id='line_1_1' title="bbox 2322 0 2361 176; baseline 0 41"><span class='ocrx_word' id='word_1_1' title='bbox 2322 0 2361 176; x_wconf 48' lang='lat' dir='ltr'>i*</span> 
     </span>
    </p>
   </div>
   <div class='ocr_carea' id='block_1_2' title="bbox 1366 146 1404 189">
    <p class='ocr_par' dir='ltr' id='par_1_2' title="bbox 1366 146 1404 189">
     <span class='ocr_line' id='line_1_2' title="bbox 1366 146 1404 189; baseline 0 0"><span class='ocrx_word' id='word_1_2' title='bbox 1366 146 1404 189; x_wconf 74' lang='lat'>21</span> 
     </span>
    </p>
   </div>
   <div class='ocr_carea' id='block_1_3' title="bbox 1209 204 1363 212">
    <p class='ocr_par' dir='ltr' id='par_1_3' title="bbox 1209 204 1363 212">
     <span class='ocr_line' id='line_1_3' title="bbox 1209 204 1363 212; baseline 0 3499"><span class='ocrx_word' id='word_1_3' title='bbox 1209 204 1363 212; x_wconf 95' lang='lat' dir='ltr'> </span> 
     </span>
    </p>
   </div>
   <div class='ocr_carea' id='block_1_4' title="bbox 1365 205 1547 212">
    <p class='ocr_par' dir='ltr' id='par_1_4' title="bbox 1365 205 1547 212">
     <span class='ocr_line' id='line_1_4' title="bbox 1365 205 1547 212; baseline 0 3499"><span class='ocrx_word' id='word_1_4' title='bbox 1365 205 1547 212; x_wconf 95' lang='lat' dir='ltr'> </span> 
     </span>
    </p>
   </div>
   <div class='ocr_carea' id='block_1_5' title="bbox 72 254 2575 350">
    <p class='ocr_par' dir='ltr' id='par_1_5' title="bbox 72 254 2575 350">
     <span class='ocr_line' id='line_1_5' title="bbox 72 254 2575 350; baseline 0.001 -16"><span class='ocrx_word' id='word_1_5' title='bbox 72 254 82 263; x_wconf 42' lang='lat'><strong>·</strong></span> <span class='ocrx_word' id='word_1_6' title='bbox 181 285 292 341; x_wconf 76' lang='grc' dir='ltr'><em>τοὺς</em></span> <span class='ocrx_word' id='word_1_7' title='bbox 327 261 612 350; x_wconf 66' lang='grc' dir='ltr'><em>Ἑλληνικους</em></span> <span class='ocrx_word' id='word_1_8' title='bbox 649 282 1034 347; x_wconf 81' lang='grc' dir='ltr'><em>ἀπαρνήσωνται,</em></span> <span class='ocrx_word' id='word_1_9' title='bbox 1088 283 1164 331; x_wconf 84' lang='grc' dir='ltr'>τὸν</span> <span class='ocrx_word' id='word_1_10' title='bbox 1207 284 1267 331; x_wconf 79' lang='grc' dir='ltr'>δὲ</span> <span class='ocrx_word' id='word_1_11' title='bbox 1300 271 1746 345; x_wconf 78' lang='grc' dir='ltr'><em>ἀνεσκολοπισμένον</em></span> <span class='ocrx_word' id='word_1_12' title='bbox 1788 282 1965 331; x_wconf 78' lang='grc' dir='ltr'><em>ἐκεῖνον</em></span> <span class='ocrx_word' id='word_1_13' title='bbox 2011 286 2231 350; x_wconf 72' lang='grc' dir='ltr'><em>σοφιστὴν</em></span> <span class='ocrx_word' id='word_1_14' title='bbox 2275 285 2431 335; x_wconf 77' lang='grc' dir='ltr'><em>αὐτῶν</em></span> <span class='ocrx_word' id='word_1_15' title='bbox 2465 304 2575 349; x_wconf 83' lang='grc' dir='ltr'><em>προ-</em></span> 
     </span>
    </p>
   </div>
   <div class='ocr_carea' id='block_1_6' title="bbox 130 358 2616 2798">
    <p class='ocr_par' dir='ltr' id='par_1_6' title="bbox 180 358 2616 982">
     <span class='ocr_line' id='line_1_6' title="bbox 182 358 2616 431; baseline -0 -17"><span class='ocrx_word' id='word_1_16' title='bbox 182 368 382 414; x_wconf 81' lang='grc' dir='ltr'><em>σκυνῶσι</em></span> <span class='ocrx_word' id='word_1_17' title='bbox 417 361 495 411; x_wconf 78' lang='grc' dir='ltr'>καὶ</span> <span class='ocrx_word' id='word_1_18' title='bbox 529 360 649 409; x_wconf 74' lang='grc' dir='ltr'><em>κατὰ</em></span> <span class='ocrx_word' id='word_1_19' title='bbox 685 358 796 417; x_wconf 80' lang='grc' dir='ltr'><em>τοὺς</em></span> <span class='ocrx_word' id='word_1_20' title='bbox 836 360 1019 411; x_wconf 78' lang='grc' dir='ltr'><em>ἐκείνου</em></span> <span class='ocrx_word' id='word_1_21' title='bbox 1055 362 1224 424; x_wconf 87' lang='grc' dir='ltr'><em>νόμους</em></span> <span class='ocrx_word' id='word_1_22' title='bbox 1250 362 1404 429; x_wconf 81' lang='grc' dir='ltr'><strong><em>βιῶσι.</em></strong></span> <span class='ocrx_word' id='word_1_23' title='bbox 1450 360 1813 426; x_wconf 74' lang='grc' dir='ltr'><em>καταφρονοῦσιν</em></span> <span class='ocrx_word' id='word_1_24' title='bbox 1858 359 1941 410; x_wconf 85' lang='grc' dir='ltr'>οὖν</span> <span class='ocrx_word' id='word_1_25' title='bbox 1984 362 2202 412; x_wconf 81' lang='grc' dir='ltr'><em>ἁπάντων</em></span> <span class='ocrx_word' id='word_1_26' title='bbox 2245 364 2305 420; x_wconf 77' lang='grc' dir='ltr'>ἐξ</span> <span class='ocrx_word' id='word_1_27' title='bbox 2343 363 2449 431; x_wconf 80' lang='grc' dir='ltr'><em>ἴσης</em></span> <span class='ocrx_word' id='word_1_28' title='bbox 2495 365 2574 415; x_wconf 79' lang='grc' dir='ltr'>καὶ</span> <span class='ocrx_word' id='word_1_29' title='bbox 2613 381 2616 382; x_wconf 67' lang='grc'>’</span> 
     </span>
     <span class='ocr_line' id='line_1_7' title="bbox 181 438 2568 509; baseline 0.002 -18"><span class='ocrx_word' id='word_1_30' title='bbox 181 445 313 492; x_wconf 79' lang='grc' dir='ltr'><em>κοινὰ</em></span> <span class='ocrx_word' id='word_1_31' title='bbox 364 443 585 508; x_wconf 69' lang='grc' dir='ltr'><em>ἡγοῦνται</em></span> <span class='ocrx_word' id='word_1_32' title='bbox 599 474 615 499; x_wconf 84' lang='grc'><em>,</em></span> <span class='ocrx_word' id='word_1_33' title='bbox 668 438 783 487; x_wconf 79' lang='grc' dir='ltr'><em>ἄνευ</em></span> <span class='ocrx_word' id='word_1_34' title='bbox 818 441 939 497; x_wconf 82' lang='grc' dir='ltr'><em>τινὸς</em></span> <span class='ocrx_word' id='word_1_35' title='bbox 970 442 1199 509; x_wconf 74' lang='grc' dir='ltr'><em>ἀκριβοῦς</em></span> <span class='ocrx_word' id='word_1_36' title='bbox 1245 440 1451 496; x_wconf 80' lang='grc' dir='ltr'><em>πίστεως</em></span> <span class='ocrx_word' id='word_1_37' title='bbox 1502 442 1559 489; x_wconf 87' lang='grc' dir='ltr'>τὰ</span> <span class='ocrx_word' id='word_1_38' title='bbox 1611 443 1800 489; x_wconf 82' lang='grc' dir='ltr'><em>τοιαῦτα</em></span> <span class='ocrx_word' id='word_1_39' title='bbox 1851 443 2246 505; x_wconf 67' lang='grc' dir='ltr'><em>παραδεξάμενοι.</em></span> <span class='ocrx_word' id='word_1_40' title='bbox 2313 445 2392 495; x_wconf 87' lang='lat' dir='ltr'>Ita</span> <span class='ocrx_word' id='word_1_41' title='bbox 2440 445 2568 495; x_wconf 84' lang='lat' dir='ltr'>libri.</span> 
     </span>
     <span class='ocr_line' id='line_1_8' title="bbox 180 518 2570 586; baseline 0.001 -14"><span class='ocrx_word' id='word_1_42' title='bbox 180 521 366 573; x_wconf 87' lang='lat' dir='ltr'>Ultima</span> <span class='ocrx_word' id='word_1_43' title='bbox 400 536 550 586; x_wconf 88' lang='lat' dir='ltr'>quum</span> <span class='ocrx_word' id='word_1_44' title='bbox 584 535 788 569; x_wconf 88' lang='lat' dir='ltr'>sensum</span> <span class='ocrx_word' id='word_1_45' title='bbox 839 537 942 570; x_wconf 92' lang='lat' dir='ltr'>non</span> <span class='ocrx_word' id='word_1_46' title='bbox 976 519 1217 583; x_wconf 88' lang='lat' dir='ltr'>habeant,</span> <span class='ocrx_word' id='word_1_47' title='bbox 1269 518 1568 570; x_wconf 62' lang='lat' dir='ltr'>F&#39;rit&#39;zschius</span> <span class='ocrx_word' id='word_1_48' title='bbox 1620 527 1734 570; x_wconf 85' lang='lat' dir='ltr'>ante</span> <span class='ocrx_word' id='word_1_49' title='bbox 1778 521 1995 579; x_wconf 85' lang='grc' dir='ltr'><em>ἁπάντων</em></span> <span class='ocrx_word' id='word_1_50' title='bbox 2036 520 2240 573; x_wconf 85' lang='lat' dir='ltr'>inseruit</span> <span class='ocrx_word' id='word_1_51' title='bbox 2293 528 2382 572; x_wconf 88' lang='grc' dir='ltr'>τῶν</span> <span class='ocrx_word' id='word_1_52' title='bbox 2426 524 2570 574; x_wconf 78' lang='grc' dir='ltr'><em>ἰδίων.</em></span> 
     </span>
     <span class='ocr_line' id='line_1_9' title="bbox 180 596 2570 666; baseline 0 -14"><span class='ocrx_word' id='word_1_53' title='bbox 180 600 302 652; x_wconf 80' lang='lat' dir='ltr'>Mihi</span> <span class='ocrx_word' id='word_1_54' title='bbox 339 607 513 650; x_wconf 88' lang='lat' dir='ltr'>contra</span> <span class='ocrx_word' id='word_1_55' title='bbox 558 616 662 648; x_wconf 92' lang='lat' dir='ltr'>non</span> <span class='ocrx_word' id='word_1_56' title='bbox 699 598 900 649; x_wconf 87' lang='lat' dir='ltr'>dubium</span> <span class='ocrx_word' id='word_1_57' title='bbox 942 599 1157 661; x_wconf 87' lang='lat' dir='ltr'>videtur,</span> <span class='ocrx_word' id='word_1_58' title='bbox 1211 600 1328 666; x_wconf 88' lang='lat' dir='ltr'>quin</span> <span class='ocrx_word' id='word_1_59' title='bbox 1373 602 1590 649; x_wconf 75' lang='grc' dir='ltr'><em>ἁπάντων</em></span> <span class='ocrx_word' id='word_1_60' title='bbox 1635 597 1699 649; x_wconf 89' lang='lat' dir='ltr'>ad</span> <span class='ocrx_word' id='word_1_61' title='bbox 1741 598 1859 649; x_wconf 90' lang='lat' dir='ltr'>deos</span> <span class='ocrx_word' id='word_1_62' title='bbox 1895 596 2118 651; x_wconf 83' lang='lat' dir='ltr'>Graecos</span> <span class='ocrx_word' id='word_1_63' title='bbox 2152 603 2461 654; x_wconf 85' lang='lat' dir='ltr'>referendum</span> <span class='ocrx_word' id='word_1_64' title='bbox 2495 603 2570 663; x_wconf 87' lang='lat' dir='ltr'>sit,</span> 
     </span>
     <span class='ocr_line' id='line_1_10' title="bbox 183 675 2573 749; baseline 0.002 -20"><span class='ocrx_word' id='word_1_65' title='bbox 183 697 308 746; x_wconf 90' lang='lat' dir='ltr'>quos</span> <span class='ocrx_word' id='word_1_66' title='bbox 343 675 736 729; x_wconf 86' lang='lat' dir='ltr'>contemnendos</span> <span class='ocrx_word' id='word_1_67' title='bbox 771 695 881 729; x_wconf 87' lang='lat' dir='ltr'>esse</span> <span class='ocrx_word' id='word_1_68' title='bbox 918 677 1142 730; x_wconf 84' lang='lat' dir='ltr'>Christus</span> <span class='ocrx_word' id='word_1_69' title='bbox 1177 678 1363 729; x_wconf 86' lang='lat' dir='ltr'>docuit:</span> <span class='ocrx_word' id='word_1_70' title='bbox 1399 679 1540 730; x_wconf 83' lang='lat' dir='ltr'>hanc.</span> <span class='ocrx_word' id='word_1_71' title='bbox 1563 679 1710 745; x_wconf 87' lang='lat' dir='ltr'>igitur</span> <span class='ocrx_word' id='word_1_72' title='bbox 1743 677 2016 728; x_wconf 84' lang='lat' dir='ltr'>doctrinam</span> <span class='ocrx_word' id='word_1_73' title='bbox 2050 676 2316 732; x_wconf 82' lang='lat' dir='ltr'><strong>Christiani</strong></span> <span class='ocrx_word' id='word_1_74' title='bbox 2351 683 2573 749; x_wconf 88' lang='lat' dir='ltr'>quamvis</span> 
     </span>
     <span class='ocr_line' id='line_1_11' title="bbox 183 756 2571 825; baseline 0.001 -16"><span class='ocrx_word' id='word_1_75' title='bbox 183 757 486 825; x_wconf 81' lang='lat' dir='ltr'>argumentis</span> <span class='ocrx_word' id='word_1_76' title='bbox 523 765 573 807; x_wconf 89' lang='lat' dir='ltr'>et</span> <span class='ocrx_word' id='word_1_77' title='bbox 606 757 879 808; x_wconf 83' lang='lat' dir='ltr'>rationibus</span> <span class='ocrx_word' id='word_1_78' title='bbox 913 757 1113 807; x_wconf 88' lang='lat' dir='ltr'>minime</span> <span class='ocrx_word' id='word_1_79' title='bbox 1148 758 1501 818; x_wconf 88' lang='lat' dir='ltr'>confirmatam,</span> <span class='ocrx_word' id='word_1_80' title='bbox 1537 775 1629 825; x_wconf 90' lang='lat' dir='ltr'>pro</span> <span class='ocrx_word' id='word_1_81' title='bbox 1664 774 1784 807; x_wconf 88' lang='lat' dir='ltr'>vera</span> <span class='ocrx_word' id='word_1_82' title='bbox 1816 756 2075 823; x_wconf 88' lang='lat' dir='ltr'>accipiunt.</span> <span class='ocrx_word' id='word_1_83' title='bbox 2124 758 2272 821; x_wconf 86' lang='lat' dir='ltr'>Quod</span> <span class='ocrx_word' id='word_1_84' title='bbox 2305 761 2347 812; x_wconf 91' lang='lat' dir='ltr'>si</span> <span class='ocrx_word' id='word_1_85' title='bbox 2380 761 2448 811; x_wconf 89' lang='lat' dir='ltr'>ita</span> <span class='ocrx_word' id='word_1_86' title='bbox 2481 770 2571 823; x_wconf 88' lang='lat' dir='ltr'>est,</span> 
     </span>
     <span class='ocr_line' id='line_1_12' title="bbox 185 834 2573 906; baseline 0.001 -18"><span class='ocrx_word' id='word_1_87' title='bbox 185 837 342 888; x_wconf 86' lang='lat' dir='ltr'>verba</span> <span class='ocrx_word' id='word_1_88' title='bbox 375 836 455 886; x_wconf 80' lang='grc' dir='ltr'>καὶ</span> <span class='ocrx_word' id='word_1_89' title='bbox 490 836 621 885; x_wconf 77' lang='grc' dir='ltr'><em>κοινὰ</em></span> <span class='ocrx_word' id='word_1_90' title='bbox 653 837 876 901; x_wconf 77' lang='grc' dir='ltr'><em>ἡγοῦνται</em></span> <span class='ocrx_word' id='word_1_91' title='bbox 911 836 1132 887; x_wconf 89' lang='lat' dir='ltr'>eicienda</span> <span class='ocrx_word' id='word_1_92' title='bbox 1165 853 1274 887; x_wconf 88' lang='lat' dir='ltr'>esse</span> <span class='ocrx_word' id='word_1_93' title='bbox 1308 846 1538 903; x_wconf 82' lang='lat' dir='ltr'>apparet3</span> <span class='ocrx_word' id='word_1_94' title='bbox 1586 836 1813 887; x_wconf 84' lang='lat' dir='ltr'>videntur</span> <span class='ocrx_word' id='word_1_95' title='bbox 1846 844 2008 886; x_wconf 92' lang='lat' dir='ltr'>autem</span> <span class='ocrx_word' id='word_1_96' title='bbox 2043 837 2108 887; x_wconf 91' lang='lat' dir='ltr'>ab</span> <span class='ocrx_word' id='word_1_97' title='bbox 2143 838 2306 905; x_wconf 89' lang='lat' dir='ltr'>aliquo</span> <span class='ocrx_word' id='word_1_98' title='bbox 2343 841 2423 906; x_wconf 89' lang='lat' dir='ltr'>qui</span> <span class='ocrx_word' id='word_1_99' title='bbox 2455 834 2573 890; x_wconf 87' lang='lat' dir='ltr'>illud</span> 
     </span>
     <span class='ocr_line' id='line_1_13' title="bbox 181 914 1740 982; baseline 0.001 -17"><span class='ocrx_word' id='word_1_100' title='bbox 181 917 402 966; x_wconf 80' lang='grc' dir='ltr'><em>ἁπάντων</em></span> <span class='ocrx_word' id='word_1_101' title='bbox 434 914 564 965; x_wconf 85' lang='lat' dir='ltr'>male</span> <span class='ocrx_word' id='word_1_102' title='bbox 598 914 918 980; x_wconf 80' lang='lat' dir='ltr'>intellegeret,</span> <span class='ocrx_word' id='word_1_103' title='bbox 955 916 1006 964; x_wconf 92' lang='lat' dir='ltr'>in</span> <span class='ocrx_word' id='word_1_104' title='bbox 1041 916 1262 982; x_wconf 84' lang='lat' dir='ltr'>margine</span> <span class='ocrx_word' id='word_1_105' title='bbox 1295 915 1544 982; x_wconf 87' lang='lat' dir='ltr'>adscripta</span> <span class='ocrx_word' id='word_1_106' title='bbox 1576 916 1740 966; x_wconf 86' lang='lat' dir='ltr'>fuisse.</span> 
     </span>
    </p>

    <p class='ocr_par' dir='ltr' id='par_1_7' title="bbox 175 992 2574 1850">
     <span class='ocr_line' id='line_1_14' title="bbox 319 992 2574 1061; baseline 0.001 -17"><span class='ocrx_word' id='word_1_107' title='bbox 319 996 376 1044; x_wconf 63' lang='lat'>5..</span> <span class='ocrx_word' id='word_1_108' title='bbox 420 992 498 1043; x_wconf 90' lang='lat' dir='ltr'>De</span> <span class='ocrx_word' id='word_1_109' title='bbox 534 992 710 1043; x_wconf 80' lang='lat' dir='ltr'>Cassio</span> <span class='ocrx_word' id='word_1_110' title='bbox 744 992 830 1043; x_wconf 93' lang='lat' dir='ltr'>illo</span> <span class='ocrx_word' id='word_1_111' title='bbox 863 992 1104 1056; x_wconf 86' lang='lat' dir='ltr'>Maximo,</span> <span class='ocrx_word' id='word_1_112' title='bbox 1154 995 1288 1061; x_wconf 89' lang='lat' dir='ltr'>cujus</span> <span class='ocrx_word' id='word_1_113' title='bbox 1323 995 1512 1044; x_wconf 89' lang='lat' dir='ltr'>monitu</span> <span class='ocrx_word' id='word_1_114' title='bbox 1546 994 1885 1047; x_wconf 74' lang='lat' dir='ltr'>Artemidorus</span> <span class='ocrx_word' id='word_1_115' title='bbox 1918 994 2073 1045; x_wconf 88' lang='lat' dir='ltr'>libros</span> <span class='ocrx_word' id='word_1_116' title='bbox 2117 1012 2232 1045; x_wconf 87' lang='lat' dir='ltr'>suos</span> <span class='ocrx_word' id='word_1_117' title='bbox 2268 996 2330 1046; x_wconf 90' lang='lat' dir='ltr'>de</span> <span class='ocrx_word' id='word_1_118' title='bbox 2364 996 2574 1047; x_wconf 90' lang='lat' dir='ltr'>somnio-</span> 
     </span>
     <span class='ocr_line' id='line_1_15' title="bbox 179 1070 2572 1142; baseline 0 -18"><span class='ocrx_word' id='word_1_119' title='bbox 179 1070 292 1124; x_wconf 78' lang='lat' dir='ltr'>rum</span> <span class='ocrx_word' id='word_1_120' title='bbox 324 1071 727 1142; x_wconf 71' lang='lat' dir='ltr'>interpretatione</span> <span class='ocrx_word' id='word_1_121' title='bbox 762 1070 972 1137; x_wconf 83' lang='lat' dir='ltr'>scripsit,</span> <span class='ocrx_word' id='word_1_122' title='bbox 1008 1088 1155 1124; x_wconf 91' lang='lat' dir='ltr'>nemo</span> <span class='ocrx_word' id='word_1_123' title='bbox 1195 1090 1255 1124; x_wconf 82' lang='lat' dir='ltr'>ex</span> <span class='ocrx_word' id='word_1_124' title='bbox 1288 1072 1555 1128; x_wconf 80' lang='lat' dir='ltr'>editoribus</span> <span class='ocrx_word' id='word_1_125' title='bbox 1579 1073 1843 1140; x_wconf 82' lang='lat' dir='ltr'>quidquam</span> <span class='ocrx_word' id='word_1_126' title='bbox 1865 1071 2132 1124; x_wconf 83' lang='lat' dir='ltr'>adnotavit.</span> <span class='ocrx_word' id='word_1_127' title='bbox 2197 1072 2393 1140; x_wconf 82' lang='lat' dir='ltr'>Operae</span> <span class='ocrx_word' id='word_1_128' title='bbox 2426 1074 2572 1141; x_wconf 86' lang='lat' dir='ltr'>igitur</span> 
     </span>
     <span class='ocr_line' id='line_1_16' title="bbox 182 1150 2570 1222; baseline 0 -20"><span class='ocrx_word' id='word_1_129' title='bbox 182 1151 394 1220; x_wconf 90' lang='lat' dir='ltr'>pretium</span> <span class='ocrx_word' id='word_1_130' title='bbox 428 1151 520 1201; x_wconf 89' lang='lat' dir='ltr'>erit</span> <span class='ocrx_word' id='word_1_131' title='bbox 555 1150 876 1222; x_wconf 64' lang='lat' dir='ltr'>observasse,</span> <span class='ocrx_word' id='word_1_132' title='bbox 930 1151 1142 1201; x_wconf 89' lang='lat' dir='ltr'>eundem</span> <span class='ocrx_word' id='word_1_133' title='bbox 1183 1152 1431 1203; x_wconf 88' lang='lat' dir='ltr'>hominem</span> <span class='ocrx_word' id='word_1_134' title='bbox 1475 1151 1620 1202; x_wconf 89' lang='lat' dir='ltr'>etiam</span> <span class='ocrx_word' id='word_1_135' title='bbox 1673 1151 1737 1202; x_wconf 93' lang='lat' dir='ltr'>ab</span> <span class='ocrx_word' id='word_1_136' title='bbox 1772 1151 1985 1203; x_wconf 85' lang='lat' dir='ltr'>Aristide</span> <span class='ocrx_word' id='word_1_137' title='bbox 2032 1153 2418 1203; x_wconf 86' lang='lat' dir='ltr'>commemorari.</span> <span class='ocrx_word' id='word_1_138' title='bbox 2489 1151 2570 1203; x_wconf 89' lang='lat' dir='ltr'>Ad</span> 
     </span>
     <span class='ocr_line' id='line_1_17' title="bbox 182 1227 2569 1301; baseline 0 -21"><span class='ocrx_word' id='word_1_139' title='bbox 182 1228 559 1297; x_wconf 85' lang='lat' dir='ltr'>Capitonemp.</span> <span class='ocrx_word' id='word_1_140' title='bbox 599 1229 697 1280; x_wconf 85' lang='lat'>315</span> <span class='ocrx_word' id='word_1_141' title='bbox 734 1227 883 1281; x_wconf 87' lang='lat' dir='ltr'>Jebb.</span> <span class='ocrx_word' id='word_1_142' title='bbox 921 1229 998 1282; x_wconf 91' lang='lat' dir='ltr'>ed.</span> <span class='ocrx_word' id='word_1_143' title='bbox 1033 1228 1257 1282; x_wconf 87' lang='lat' dir='ltr'>Dindorf.</span> <span class='ocrx_word' id='word_1_144' title='bbox 1291 1230 1343 1281; x_wconf 90' lang='lat' dir='ltr'>H</span> <span class='ocrx_word' id='word_1_145' title='bbox 1379 1232 1505 1281; x_wconf 86' lang='lat'>415:</span> <span class='ocrx_word' id='word_1_146' title='bbox 1561 1231 1680 1297; x_wconf 84' lang='grc' dir='ltr'><em>ἀνὴρ</em></span> <span class='ocrx_word' id='word_1_147' title='bbox 1716 1235 1805 1280; x_wconf 88' lang='grc' dir='ltr'>τῶν</span> <span class='ocrx_word' id='word_1_148' title='bbox 1840 1230 1898 1280; x_wconf 80' lang='grc' dir='ltr'>ἐκ</span> <span class='ocrx_word' id='word_1_149' title='bbox 1931 1235 2016 1297; x_wconf 82' lang='grc' dir='ltr'><em>τῆς</em></span> <span class='ocrx_word' id='word_1_150' title='bbox 2046 1230 2301 1301; x_wconf 70' lang='grc' dir='ltr'><em>γερουσίας</em></span> <span class='ocrx_word' id='word_1_151' title='bbox 2348 1235 2438 1280; x_wconf 87' lang='grc' dir='ltr'>τῶν</span> <span class='ocrx_word' id='word_1_152' title='bbox 2467 1230 2569 1281; x_wconf 85' lang='grc' dir='ltr'>Ῥω-</span> 
     </span>
     <span class='ocr_line' id='line_1_18' title="bbox 177 1307 2570 1377; baseline 0 -18"><span class='ocrx_word' id='word_1_153' title='bbox 177 1310 349 1376; x_wconf 78' lang='grc' dir='ltr'><em>μαίων,</em></span> <span class='ocrx_word' id='word_1_154' title='bbox 384 1308 529 1377; x_wconf 83' lang='grc' dir='ltr'><strong><em>Λίβυς</em></strong></span> <span class='ocrx_word' id='word_1_155' title='bbox 548 1310 606 1359; x_wconf 83' lang='grc' dir='ltr'>τὰ</span> <span class='ocrx_word' id='word_1_156' title='bbox 631 1310 808 1374; x_wconf 83' lang='grc' dir='ltr'><em>ἀρχαῖα</em></span> <span class='ocrx_word' id='word_1_157' title='bbox 831 1307 1040 1374; x_wconf 73' lang='grc' dir='ltr'><em>Μάξιμος</em></span> <span class='ocrx_word' id='word_1_158' title='bbox 1060 1310 1276 1375; x_wconf 83' lang='grc' dir='ltr'><em>τοῦνομα,</em></span> <span class='ocrx_word' id='word_1_159' title='bbox 1313 1311 1445 1367; x_wconf 75' lang='grc' dir='ltr'><em>ἄξιος</em></span> <span class='ocrx_word' id='word_1_160' title='bbox 1463 1312 1572 1360; x_wconf 85' lang='grc' dir='ltr'><em>ὅτου</em></span> <span class='ocrx_word' id='word_1_161' title='bbox 1593 1312 1775 1377; x_wconf 81' lang='grc' dir='ltr'><em>βούλει,</em></span> <span class='ocrx_word' id='word_1_162' title='bbox 1810 1311 1927 1376; x_wconf 79' lang='grc' dir='ltr'><em>φασὶ</em></span> <span class='ocrx_word' id='word_1_163' title='bbox 1961 1310 2020 1359; x_wconf 78' lang='grc' dir='ltr'>δὲ</span> <span class='ocrx_word' id='word_1_164' title='bbox 2053 1310 2101 1359; x_wconf 80' lang='grc' dir='ltr'>οἱ</span> <span class='ocrx_word' id='word_1_165' title='bbox 2133 1314 2280 1359; x_wconf 86' lang='grc' dir='ltr'><em>ταῦτα</em></span> <span class='ocrx_word' id='word_1_166' title='bbox 2314 1310 2459 1359; x_wconf 73' lang='grc' dir='ltr'><em>δεινοὶ</em></span> <span class='ocrx_word' id='word_1_167' title='bbox 2492 1308 2570 1359; x_wconf 77' lang='grc' dir='ltr'>καὶ</span> 
     </span>
     <span class='ocr_line' id='line_1_19' title="bbox 175 1388 2570 1456; baseline -0.001 -17"><span class='ocrx_word' id='word_1_168' title='bbox 175 1392 360 1455; x_wconf 79' lang='grc' dir='ltr'><em>ῥήτορα</em></span> <span class='ocrx_word' id='word_1_169' title='bbox 396 1389 537 1437; x_wconf 77' lang='grc' dir='ltr'><em>αὐτὸν</em></span> <span class='ocrx_word' id='word_1_170' title='bbox 581 1388 634 1437; x_wconf 86' lang='grc' dir='ltr'>ἐν</span> <span class='ocrx_word' id='word_1_171' title='bbox 668 1389 873 1451; x_wconf 82' lang='grc' dir='ltr'><em>πρώτοις</em></span> <span class='ocrx_word' id='word_1_172' title='bbox 902 1388 1020 1437; x_wconf 77' lang='grc' dir='ltr'><em>εἶναι</em></span> <span class='ocrx_word' id='word_1_173' title='bbox 1057 1391 1304 1454; x_wconf 81' lang='grc' dir='ltr'><em>Ρωμαίων,</em></span> <span class='ocrx_word' id='word_1_174' title='bbox 1359 1390 1498 1447; x_wconf 80' lang='grc' dir='ltr'><em>οὗτος</em></span> <span class='ocrx_word' id='word_1_175' title='bbox 1528 1394 1626 1447; x_wconf 83' lang='grc' dir='ltr'><em>τοῖς</em></span> <span class='ocrx_word' id='word_1_176' title='bbox 1667 1409 1718 1439; x_wconf 90' lang='grc' dir='ltr'>τε</span> <span class='ocrx_word' id='word_1_177' title='bbox 1753 1391 2078 1456; x_wconf 72' lang='grc' dir='ltr'><em>Δημοσθένους</em></span> <span class='ocrx_word' id='word_1_178' title='bbox 2109 1390 2263 1452; x_wconf 74' lang='grc' dir='ltr'><em>λόγοις</em></span> <span class='ocrx_word' id='word_1_179' title='bbox 2294 1390 2570 1453; x_wconf 78' lang='grc' dir='ltr'><em>προσέκειτο</em></span> 
     </span>
     <span class='ocr_line' id='line_1_20' title="bbox 182 1466 2563 1533; baseline -0.001 -16"><span class='ocrx_word' id='word_1_180' title='bbox 182 1471 436 1532; x_wconf 78' lang='grc' dir='ltr'><em>ὑπερφυῶς</em></span> <span class='ocrx_word' id='word_1_181' title='bbox 465 1468 545 1516; x_wconf 76' lang='grc' dir='ltr'>καὶ</span> <span class='ocrx_word' id='word_1_182' title='bbox 567 1468 654 1516; x_wconf 77' lang='grc' dir='ltr'>οὐκ</span> <span class='ocrx_word' id='word_1_183' title='bbox 675 1466 762 1515; x_wconf 78' lang='grc' dir='ltr'><em>οἷδ’</em></span> <span class='ocrx_word' id='word_1_184' title='bbox 787 1468 939 1516; x_wconf 84' lang='grc' dir='ltr'><em>ὅντινα</em></span> <span class='ocrx_word' id='word_1_185' title='bbox 965 1470 1134 1531; x_wconf 88' lang='grc' dir='ltr'><em>τρόπον</em></span> <span class='ocrx_word' id='word_1_186' title='bbox 1157 1470 1234 1518; x_wconf 80' lang='grc' dir='ltr'>καὶ</span> <span class='ocrx_word' id='word_1_187' title='bbox 1258 1472 1352 1525; x_wconf 83' lang='grc' dir='ltr'><em>τοῖς</em></span> <span class='ocrx_word' id='word_1_188' title='bbox 1370 1469 1620 1533; x_wconf 79' lang='grc' dir='ltr'><em>ἡμετέροις</em></span> <span class='ocrx_word' id='word_1_189' title='bbox 1639 1471 1766 1518; x_wconf 80' lang='grc' dir='ltr'><em>ἑάλω</em></span> <span class='ocrx_word' id='word_1_190' title='bbox 1790 1471 1988 1525; x_wconf 84' lang='grc' dir='ltr'><em>τούτοις·</em></span> <span class='ocrx_word' id='word_1_191' title='bbox 2024 1474 2287 1532; x_wconf 87' lang='grc' dir='ltr'><em>συμφοιτῶν</em></span> <span class='ocrx_word' id='word_1_192' title='bbox 2312 1485 2364 1516; x_wconf 89' lang='grc' dir='ltr'>τε</span> <span class='ocrx_word' id='word_1_193' title='bbox 2386 1467 2460 1521; x_wconf 85' lang='grc' dir='ltr'><em>εἷς</em></span> <span class='ocrx_word' id='word_1_194' title='bbox 2475 1466 2563 1516; x_wconf 80' lang='grc' dir='ltr'>Ἀσ-</span> 
     </span>
     <span class='ocr_line' id='line_1_21' title="bbox 177 1546 2567 1614; baseline -0 -16"><span class='ocrx_word' id='word_1_195' title='bbox 177 1550 376 1614; x_wconf 79' lang='grc' dir='ltr'><em>κληπιοῦ</em></span> <span class='ocrx_word' id='word_1_196' title='bbox 410 1547 494 1597; x_wconf 79' lang='grc' dir='ltr'>καί</span> <span class='ocrx_word' id='word_1_197' title='bbox 523 1547 793 1612; x_wconf 78' lang='grc' dir='ltr'><em>φιλοκαλίας</em></span> <span class='ocrx_word' id='word_1_198' title='bbox 824 1547 1051 1607; x_wconf 83' lang='grc' dir='ltr'><em>ἐλλείπων</em></span> <span class='ocrx_word' id='word_1_199' title='bbox 1085 1549 1226 1599; x_wconf 75' lang='grc' dir='ltr'><em>οὐδὲν</em></span> <span class='ocrx_word' id='word_1_200' title='bbox 1259 1553 1400 1614; x_wconf 84' lang='grc' dir='ltr'><em>συνῆν</em></span> <span class='ocrx_word' id='word_1_201' title='bbox 1424 1548 1531 1611; x_wconf 78' lang='grc' dir='ltr'><em>ἐμοὶ</em></span> <span class='ocrx_word' id='word_1_202' title='bbox 1554 1549 1660 1598; x_wconf 77' lang='grc' dir='ltr'><em>καθ’</em></span> <span class='ocrx_word' id='word_1_203' title='bbox 1684 1549 1887 1614; x_wconf 76' lang='grc' dir='ltr'><em>ἑκάστην</em></span> <span class='ocrx_word' id='word_1_204' title='bbox 1909 1548 2093 1613; x_wconf 81' lang='grc' dir='ltr'><em>ἡμέραν</em></span> <span class='ocrx_word' id='word_1_205' title='bbox 2116 1548 2236 1596; x_wconf 81' lang='grc' dir='ltr'><em>κατὰ</em></span> <span class='ocrx_word' id='word_1_206' title='bbox 2261 1546 2371 1604; x_wconf 80' lang='grc' dir='ltr'><em>τοὺς</em></span> <span class='ocrx_word' id='word_1_207' title='bbox 2390 1548 2567 1609; x_wconf 68' lang='grc' dir='ltr'><em>λόγους.</em></span> 
     </span>
     <span class='ocr_line' id='line_1_22' title="bbox 176 1624 2566 1695; baseline -0.001 -20"><span class='ocrx_word' id='word_1_208' title='bbox 176 1625 376 1675; x_wconf 90' lang='lat' dir='ltr'>Etenim</span> <span class='ocrx_word' id='word_1_209' title='bbox 409 1625 749 1675; x_wconf 87' lang='lat' dir='ltr'>Artemidorus</span> <span class='ocrx_word' id='word_1_210' title='bbox 797 1643 901 1675; x_wconf 91' lang='lat' dir='ltr'>non</span> <span class='ocrx_word' id='word_1_211' title='bbox 934 1626 1084 1677; x_wconf 89' lang='lat' dir='ltr'>modo</span> <span class='ocrx_word' id='word_1_212' title='bbox 1119 1627 1445 1695; x_wconf 88' lang='lat' dir='ltr'>eloquentiam</span> <span class='ocrx_word' id='word_1_213' title='bbox 1468 1627 1667 1676; x_wconf 84' lang='lat' dir='ltr'>Maximi</span> <span class='ocrx_word' id='word_1_214' title='bbox 1702 1627 1775 1675; x_wconf 90' lang='lat' dir='ltr'>sui</span> <span class='ocrx_word' id='word_1_215' title='bbox 1809 1626 2073 1675; x_wconf 90' lang='lat' dir='ltr'>identidem</span> <span class='ocrx_word' id='word_1_216' title='bbox 2108 1625 2308 1674; x_wconf 88' lang='lat' dir='ltr'>summis</span> <span class='ocrx_word' id='word_1_217' title='bbox 2343 1624 2566 1673; x_wconf 88' lang='lat' dir='ltr'>laudibus</span> 
     </span>
     <span class='ocr_line' id='line_1_23' title="bbox 178 1703 2573 1771; baseline -0.003 -16"><span class='ocrx_word' id='word_1_218' title='bbox 178 1706 343 1765; x_wconf 86' lang='lat' dir='ltr'>effert,</span> <span class='ocrx_word' id='word_1_219' title='bbox 395 1705 482 1755; x_wconf 90' lang='lat' dir='ltr'>sed</span> <span class='ocrx_word' id='word_1_220' title='bbox 517 1705 663 1754; x_wconf 91' lang='lat' dir='ltr'>etiam</span> <span class='ocrx_word' id='word_1_221' title='bbox 699 1706 933 1756; x_wconf 85' lang='lat' dir='ltr'>Punicam</span> <span class='ocrx_word' id='word_1_222' title='bbox 968 1704 1206 1771; x_wconf 87' lang='lat' dir='ltr'>Orginem</span> <span class='ocrx_word' id='word_1_223' title='bbox 1243 1707 1418 1756; x_wconf 85' lang='lat' dir='ltr'>diserte</span> <span class='ocrx_word' id='word_1_224' title='bbox 1453 1705 1638 1755; x_wconf 88' lang='lat' dir='ltr'>indicat</span> <span class='ocrx_word' id='word_1_225' title='bbox 1670 1706 1723 1755; x_wconf 92' lang='lat'>11</span> <span class='ocrx_word' id='word_1_226' title='bbox 1759 1707 1846 1754; x_wconf 81' lang='lat'>70:</span> <span class='ocrx_word' id='word_1_227' title='bbox 1883 1705 1961 1754; x_wconf 77' lang='grc' dir='ltr'>καὶ</span> <span class='ocrx_word' id='word_1_228' title='bbox 1995 1706 2088 1767; x_wconf 67' lang='grc' dir='ltr'>γὰρ</span> <span class='ocrx_word' id='word_1_229' title='bbox 2124 1703 2240 1753; x_wconf 78' lang='grc' dir='ltr'><em>εἶναι</em></span> <span class='ocrx_word' id='word_1_230' title='bbox 2276 1705 2374 1753; x_wconf 85' lang='grc' dir='ltr'><em>τινὰ</em></span> <span class='ocrx_word' id='word_1_231' title='bbox 2409 1705 2573 1759; x_wconf 77' lang='grc' dir='ltr'><em>Λυδοῖς</em></span> 
     </span>
     <span class='ocr_line' id='line_1_24' title="bbox 186 1780 1871 1850; baseline 0 -18"><span class='ocrx_word' id='word_1_232' title='bbox 186 1801 248 1846; x_wconf 87' lang='grc' dir='ltr'>πρ</span> <span class='ocrx_word' id='word_1_233' title='bbox 261 1783 446 1838; x_wconf 75' lang='grc' dir='ltr'><em>οξενίαν</em></span> <span class='ocrx_word' id='word_1_234' title='bbox 481 1784 602 1846; x_wconf 84' lang='grc' dir='ltr'><em>πρὸς</em></span> <span class='ocrx_word' id='word_1_235' title='bbox 636 1784 851 1839; x_wconf 78' lang='grc' dir='ltr'><em>Φοίνικας·</em></span> <span class='ocrx_word' id='word_1_236' title='bbox 882 1785 931 1832; x_wconf 83' lang='grc' dir='ltr'>οἱ</span> <span class='ocrx_word' id='word_1_237' title='bbox 963 1785 1019 1833; x_wconf 86' lang='grc' dir='ltr'>τὰ</span> <span class='ocrx_word' id='word_1_238' title='bbox 1057 1786 1228 1848; x_wconf 87' lang='grc' dir='ltr'><em>πάτρια</em></span> <span class='ocrx_word' id='word_1_239' title='bbox 1262 1787 1369 1849; x_wconf 80' lang='grc' dir='ltr'><em>ἡμῖν</em></span> <span class='ocrx_word' id='word_1_240' title='bbox 1404 1785 1683 1850; x_wconf 75' lang='grc' dir='ltr'><em>ἐηγούμενοι</em></span> <span class='ocrx_word' id='word_1_241' title='bbox 1718 1780 1871 1847; x_wconf 82' lang='grc' dir='ltr'><em>φασίν.</em></span> 
     </span>
    </p>

    <p class='ocr_par' dir='ltr' id='par_1_8' title="bbox 150 1860 2571 2241">
     <span class='ocr_line' id='line_1_25' title="bbox 315 1860 2571 1929; baseline -0.001 -18"><span class='ocrx_word' id='word_1_242' title='bbox 315 1865 361 1912; x_wconf 89' lang='grc'>6.</span> <span class='ocrx_word' id='word_1_243' title='bbox 416 1862 478 1911; x_wconf 91' lang='lat' dir='ltr'>In</span> <span class='ocrx_word' id='word_1_244' title='bbox 512 1861 814 1913; x_wconf 88' lang='lat' dir='ltr'>columbario</span> <span class='ocrx_word' id='word_1_245' title='bbox 849 1862 1137 1913; x_wconf 88' lang='lat' dir='ltr'>libertorum</span> <span class='ocrx_word' id='word_1_246' title='bbox 1173 1873 1221 1913; x_wconf 91' lang='lat' dir='ltr'>et</span> <span class='ocrx_word' id='word_1_247' title='bbox 1254 1864 1538 1915; x_wconf 87' lang='lat' dir='ltr'>libertarum</span> <span class='ocrx_word' id='word_1_248' title='bbox 1572 1862 1705 1913; x_wconf 92' lang='lat' dir='ltr'>Anni</span> <span class='ocrx_word' id='word_1_249' title='bbox 1739 1861 1974 1913; x_wconf 89' lang='lat' dir='ltr'>Pollionis</span> <span class='ocrx_word' id='word_1_250' title='bbox 2026 1862 2108 1929; x_wconf 83' lang='lat' dir='ltr'>(de</span> <span class='ocrx_word' id='word_1_251' title='bbox 2143 1879 2239 1928; x_wconf 91' lang='lat' dir='ltr'>quo</span> <span class='ocrx_word' id='word_1_252' title='bbox 2276 1880 2322 1910; x_wconf 91' lang='lat' dir='ltr'>v.</span> <span class='ocrx_word' id='word_1_253' title='bbox 2364 1860 2571 1927; x_wconf 88' lang='lat' dir='ltr'>Nipper-</span> 
     </span>
     <span class='ocr_line' id='line_1_26' title="bbox 150 1938 2570 2010; baseline -0.001 -19"><span class='ocrx_word' id='word_1_254' title='bbox 150 1940 155 1945; x_wconf 78' lang='grc'><strong>”</strong></span> <span class='ocrx_word' id='word_1_255' title='bbox 189 1942 350 1992; x_wconf 91' lang='lat' dir='ltr'>deium</span> <span class='ocrx_word' id='word_1_256' title='bbox 386 1941 450 1990; x_wconf 88' lang='lat' dir='ltr'>ad</span> <span class='ocrx_word' id='word_1_257' title='bbox 469 1940 590 1991; x_wconf 87' lang='lat' dir='ltr'>Tac.</span> <span class='ocrx_word' id='word_1_258' title='bbox 619 1941 680 1991; x_wconf 91' lang='lat' dir='ltr'>A.</span> <span class='ocrx_word' id='word_1_259' title='bbox 700 1941 773 1992; x_wconf 89' lang='lat' dir='ltr'>VI</span> <span class='ocrx_word' id='word_1_260' title='bbox 798 1944 853 2000; x_wconf 88' lang='grc'>9)</span> <span class='ocrx_word' id='word_1_261' title='bbox 888 1959 1046 2007; x_wconf 90' lang='lat' dir='ltr'>prope</span> <span class='ocrx_word' id='word_1_262' title='bbox 1084 1944 1214 1992; x_wconf 90' lang='lat' dir='ltr'>viam</span> <span class='ocrx_word' id='word_1_263' title='bbox 1229 1944 1443 2010; x_wconf 90' lang='lat' dir='ltr'>Appiam</span> <span class='ocrx_word' id='word_1_264' title='bbox 1479 1944 1668 1993; x_wconf 85' lang='lat' dir='ltr'>detecto</span> <span class='ocrx_word' id='word_1_265' title='bbox 1702 1943 1889 1992; x_wconf 89' lang='lat' dir='ltr'>inventi</span> <span class='ocrx_word' id='word_1_266' title='bbox 1924 1947 2038 1992; x_wconf 84' lang='lat' dir='ltr'>sunt</span> <span class='ocrx_word' id='word_1_267' title='bbox 2070 1941 2121 1990; x_wconf 88' lang='lat' dir='ltr'>hi</span> <span class='ocrx_word' id='word_1_268' title='bbox 2154 1940 2277 1990; x_wconf 90' lang='lat' dir='ltr'>tituli</span> <span class='ocrx_word' id='word_1_269' title='bbox 2309 1938 2570 2006; x_wconf 88' lang='lat' dir='ltr'>(Borghesi</span> 
     </span>
     <span class='ocr_line' id='line_1_27' title="bbox 183 2010 2563 2090; baseline -0.002 -19"><span class='ocrx_word' id='word_1_270' title='bbox 183 2020 495 2072; x_wconf 85' lang='lat' dir='ltr'>OeuvresIV</span> <span class='ocrx_word' id='word_1_271' title='bbox 517 2010 666 2080; x_wconf 69' lang='lat'><strong>47⁵0:</strong></span> <span class='ocrx_word' id='word_1_272' title='bbox 711 2019 768 2070; x_wconf 83' lang='lat' dir='ltr'>C.</span> <span class='ocrx_word' id='word_1_273' title='bbox 803 2020 1072 2073; x_wconf 88' lang='lat' dir='ltr'>ANNIVS.</span> <span class='ocrx_word' id='word_1_274' title='bbox 1111 2022 1170 2073; x_wconf 84' lang='lat' dir='ltr'>C.</span> <span class='ocrx_word' id='word_1_275' title='bbox 1195 2023 1252 2072; x_wconf 91' lang='lat' dir='ltr'>L.</span> <span class='ocrx_word' id='word_1_276' title='bbox 1284 2024 1292 2090; x_wconf 88' lang='grc' dir='ltr'>Ι</span> <span class='ocrx_word' id='word_1_277' title='bbox 1322 2022 1557 2073; x_wconf 85' lang='lat' dir='ltr'>LEPOS.</span> <span class='ocrx_word' id='word_1_278' title='bbox 1583 2020 1793 2072; x_wconf 87' lang='lat' dir='ltr'>VIXIT.</span> <span class='ocrx_word' id='word_1_279' title='bbox 1819 2020 2042 2071; x_wconf 86' lang='lat' dir='ltr'>ANNIS.</span> <span class='ocrx_word' id='word_1_280' title='bbox 2067 2018 2291 2070; x_wconf 82' lang='lat' dir='ltr'><strong>XXVIII</strong></span> <span class='ocrx_word' id='word_1_281' title='bbox 2320 2016 2563 2081; x_wconf 71' lang='lat'>1-01311&#39;1&#39;.</span> 
     </span>
     <span class='ocr_line' id='line_1_28' title="bbox 179 2095 2569 2165; baseline -0.003 -14"><span class='ocrx_word' id='word_1_282' title='bbox 179 2100 293 2151; x_wconf 81' lang='lat' dir='ltr'>VII.</span> <span class='ocrx_word' id='word_1_283' title='bbox 344 2097 522 2151; x_wconf 86' lang='lat' dir='ltr'><strong>IDUS.</strong></span> <span class='ocrx_word' id='word_1_284' title='bbox 575 2097 794 2149; x_wconf 88' lang='lat' dir='ltr'>APRIL.</span> <span class='ocrx_word' id='word_1_285' title='bbox 849 2098 906 2150; x_wconf 85' lang='lat' dir='ltr'>C.</span> <span class='ocrx_word' id='word_1_286' title='bbox 962 2100 1274 2152; x_wconf 85' lang='lat' dir='ltr'>CAESARE</span> <span class='ocrx_word' id='word_1_287' title='bbox 1314 2104 1323 2165; x_wconf 81' lang='grc' dir='ltr'>Ι</span> <span class='ocrx_word' id='word_1_288' title='bbox 1352 2101 1412 2152; x_wconf 85' lang='lat' dir='ltr'>L.</span> <span class='ocrx_word' id='word_1_289' title='bbox 1458 2099 1742 2151; x_wconf 89' lang='lat' dir='ltr'>PAVLLO.</span> <span class='ocrx_word' id='word_1_290' title='bbox 1799 2098 1945 2151; x_wconf 83' lang='lat' dir='ltr'>OOS.</span> <span class='ocrx_word' id='word_1_291' title='bbox 1997 2097 2134 2149; x_wconf 79' lang='lat' dir='ltr'>HIC.</span> <span class='ocrx_word' id='word_1_292' title='bbox 2190 2095 2402 2147; x_wconf 84' lang='lat' dir='ltr'>SITVS.</span> <span class='ocrx_word' id='word_1_293' title='bbox 2456 2095 2569 2145; x_wconf 91' lang='lat' dir='ltr'>AD-</span> 
     </span>
     <span class='ocr_line' id='line_1_29' title="bbox 180 2173 1607 2241; baseline -0.001 -10"><span class='ocrx_word' id='word_1_294' title='bbox 180 2177 506 2241; x_wconf 84' lang='lat' dir='ltr'><strong>QVIESOIT</strong></span> <span class='ocrx_word' id='word_1_295' title='bbox 543 2185 591 2229; x_wconf 91' lang='lat' dir='ltr'>et</span> <span class='ocrx_word' id='word_1_296' title='bbox 627 2178 973 2229; x_wconf 86' lang='lat' dir='ltr'>THYMELE.</span> <span class='ocrx_word' id='word_1_297' title='bbox 1009 2179 1191 2231; x_wconf 87' lang='lat' dir='ltr'>ANNI.</span> <span class='ocrx_word' id='word_1_298' title='bbox 1228 2173 1607 2231; x_wconf 84' lang='lat' dir='ltr'>POLLIONIS.</span> 
     </span>
    </p>

    <p class='ocr_par' dir='ltr' id='par_1_9' title="bbox 130 2253 2571 2798">
     <span class='ocr_line' id='line_1_30' title="bbox 317 2253 2565 2324; baseline -0.003 -15"><span class='ocrx_word' id='word_1_299' title='bbox 317 2257 592 2323; x_wconf 84' lang='lat' dir='ltr'>Utrumque</span> <span class='ocrx_word' id='word_1_300' title='bbox 628 2275 812 2307; x_wconf 88' lang='lat' dir='ltr'>nomen</span> <span class='ocrx_word' id='word_1_301' title='bbox 853 2258 904 2307; x_wconf 90' lang='lat' dir='ltr'>in</span> <span class='ocrx_word' id='word_1_302' title='bbox 940 2276 1110 2309; x_wconf 91' lang='lat' dir='ltr'>eorum</span> <span class='ocrx_word' id='word_1_303' title='bbox 1145 2276 1351 2309; x_wconf 91' lang='lat' dir='ltr'>numero</span> <span class='ocrx_word' id='word_1_304' title='bbox 1387 2269 1487 2321; x_wconf 87' lang='lat' dir='ltr'>est,</span> <span class='ocrx_word' id='word_1_305' title='bbox 1544 2276 1670 2324; x_wconf 90' lang='lat' dir='ltr'>quae</span> <span class='ocrx_word' id='word_1_306' title='bbox 1705 2258 1913 2308; x_wconf 88' lang='lat' dir='ltr'>artifices</span> <span class='ocrx_word' id='word_1_307' title='bbox 1948 2256 2127 2307; x_wconf 82' lang='lat' dir='ltr'>scenici</span> <span class='ocrx_word' id='word_1_308' title='bbox 2162 2253 2565 2320; x_wconf 85' lang='lat' dir='ltr'>frequentabant:</span> 
     </span>
     <span class='ocr_line' id='line_1_31' title="bbox 180 2329 2567 2405; baseline -0.002 -18"><span class='ocrx_word' id='word_1_309' title='bbox 180 2356 277 2405; x_wconf 91' lang='lat' dir='ltr'>qua</span> <span class='ocrx_word' id='word_1_310' title='bbox 312 2337 373 2388; x_wconf 90' lang='lat' dir='ltr'>de</span> <span class='ocrx_word' id='word_1_311' title='bbox 409 2354 463 2387; x_wconf 92' lang='lat' dir='ltr'>re</span> <span class='ocrx_word' id='word_1_312' title='bbox 498 2356 545 2387; x_wconf 89' lang='lat' dir='ltr'>v.</span> <span class='ocrx_word' id='word_1_313' title='bbox 583 2355 709 2403; x_wconf 90' lang='lat' dir='ltr'>quae</span> <span class='ocrx_word' id='word_1_314' title='bbox 745 2339 997 2403; x_wconf 87' lang='lat' dir='ltr'>composui</span> <span class='ocrx_word' id='word_1_315' title='bbox 1031 2338 1235 2389; x_wconf 88' lang='lat' dir='ltr'>Darst.</span> <span class='ocrx_word' id='word_1_316' title='bbox 1273 2357 1378 2389; x_wconf 89' lang='lat' dir='ltr'>aus</span> <span class='ocrx_word' id='word_1_317' title='bbox 1416 2338 1462 2388; x_wconf 91' lang='lat' dir='ltr'>d.</span> <span class='ocrx_word' id='word_1_318' title='bbox 1501 2337 1924 2404; x_wconf 87' lang='lat' dir='ltr'>Sittengesch.</span> <span class='ocrx_word' id='word_1_319' title='bbox 1961 2336 2129 2387; x_wconf 86' lang='lat'>11459</span> <span class='ocrx_word' id='word_1_320' title='bbox 2150 2351 2287 2401; x_wconf 85' lang='lat' dir='ltr'>sqq.;</span> <span class='ocrx_word' id='word_1_321' title='bbox 2326 2329 2567 2400; x_wconf 83' lang='lat' dir='ltr'>Thymele</span> 
     </span>
     <span class='ocr_line' id='line_1_32' title="bbox 178 2410 2570 2484; baseline -0.003 -16"><span class='ocrx_word' id='word_1_322' title='bbox 178 2418 345 2468; x_wconf 86' lang='lat' dir='ltr'>mima.</span> <span class='ocrx_word' id='word_1_323' title='bbox 363 2433 425 2467; x_wconf 85' lang='lat' dir='ltr'>ex</span> <span class='ocrx_word' id='word_1_324' title='bbox 458 2415 716 2468; x_wconf 88' lang='lat' dir='ltr'>Juvenalis</span> <span class='ocrx_word' id='word_1_325' title='bbox 752 2417 927 2481; x_wconf 76' lang='lat' dir='ltr'>satiriS‚</span> <span class='ocrx_word' id='word_1_326' title='bbox 963 2417 1130 2484; x_wconf 89' lang='lat' dir='ltr'>Lepos</span> <span class='ocrx_word' id='word_1_327' title='bbox 1165 2417 1368 2469; x_wconf 90' lang='lat' dir='ltr'>saltator</span> <span class='ocrx_word' id='word_1_328' title='bbox 1403 2435 1463 2467; x_wconf 84' lang='lat' dir='ltr'>ex</span> <span class='ocrx_word' id='word_1_329' title='bbox 1500 2417 1672 2467; x_wconf 87' lang='lat' dir='ltr'>Horat.</span> <span class='ocrx_word' id='word_1_330' title='bbox 1713 2417 1813 2468; x_wconf 89' lang='lat' dir='ltr'>Sat.</span> <span class='ocrx_word' id='word_1_331' title='bbox 1832 2417 1885 2467; x_wconf 85' lang='lat'>11</span> <span class='ocrx_word' id='word_1_332' title='bbox 1923 2418 1968 2477; x_wconf 90' lang='grc'>6,</span> <span class='ocrx_word' id='word_1_333' title='bbox 2009 2417 2071 2465; x_wconf 84' lang='lat'>70</span> <span class='ocrx_word' id='word_1_334' title='bbox 2108 2422 2254 2465; x_wconf 91' lang='lat' dir='ltr'>notus</span> <span class='ocrx_word' id='word_1_335' title='bbox 2289 2419 2378 2462; x_wconf 89' lang='lat' dir='ltr'>est.</span> <span class='ocrx_word' id='word_1_336' title='bbox 2424 2410 2570 2462; x_wconf 92' lang='lat' dir='ltr'>Unde</span> 
     </span>
     <span class='ocr_line' id='line_1_33' title="bbox 178 2489 2571 2556; baseline -0.003 -9"><span class='ocrx_word' id='word_1_337' title='bbox 178 2514 282 2547; x_wconf 89' lang='lat' dir='ltr'>non</span> <span class='ocrx_word' id='word_1_338' title='bbox 328 2497 435 2547; x_wconf 90' lang='lat' dir='ltr'>sine</span> <span class='ocrx_word' id='word_1_339' title='bbox 470 2496 574 2546; x_wconf 89' lang='lat' dir='ltr'>veri</span> <span class='ocrx_word' id='word_1_340' title='bbox 622 2495 929 2547; x_wconf 87' lang='lat' dir='ltr'>similitudine</span> <span class='ocrx_word' id='word_1_341' title='bbox 978 2498 1123 2548; x_wconf 85' lang='lat' dir='ltr'>etiam</span> <span class='ocrx_word' id='word_1_342' title='bbox 1158 2498 1290 2547; x_wconf 90' lang='lat' dir='ltr'>Anni</span> <span class='ocrx_word' id='word_1_343' title='bbox 1326 2497 1555 2548; x_wconf 88' lang='lat' dir='ltr'>libertum</span> <span class='ocrx_word' id='word_1_344' title='bbox 1607 2506 1655 2547; x_wconf 86' lang='lat' dir='ltr'>et</span> <span class='ocrx_word' id='word_1_345' title='bbox 1690 2514 1884 2548; x_wconf 87' lang='lat' dir='ltr'>servam</span> <span class='ocrx_word' id='word_1_346' title='bbox 1919 2495 2141 2547; x_wconf 89' lang='lat' dir='ltr'>scenicos</span> <span class='ocrx_word' id='word_1_347' title='bbox 2174 2491 2323 2542; x_wconf 87' lang='lat' dir='ltr'>fuisse</span> <span class='ocrx_word' id='word_1_348' title='bbox 2359 2489 2571 2556; x_wconf 86' lang='lat' dir='ltr'>suspica-</span> 
     </span>
     <span class='ocr_line' id='line_1_34' title="bbox 180 2568 2565 2641; baseline -0.004 -15"><span class='ocrx_word' id='word_1_349' title='bbox 180 2576 354 2627; x_wconf 89' lang='lat' dir='ltr'>bimur.</span> <span class='ocrx_word' id='word_1_350' title='bbox 431 2574 596 2636; x_wconf 84' lang='lat' dir='ltr'>Quum</span> <span class='ocrx_word' id='word_1_351' title='bbox 631 2582 794 2625; x_wconf 90' lang='lat' dir='ltr'>autem</span> <span class='ocrx_word' id='word_1_352' title='bbox 827 2575 1019 2627; x_wconf 90' lang='lat' dir='ltr'>Horatii</span> <span class='ocrx_word' id='word_1_353' title='bbox 1057 2576 1180 2627; x_wconf 89' lang='lat' dir='ltr'>Satt.</span> <span class='ocrx_word' id='word_1_354' title='bbox 1216 2576 1248 2626; x_wconf 90' lang='lat' dir='ltr'>l.</span> <span class='ocrx_word' id='word_1_355' title='bbox 1284 2577 1336 2627; x_wconf 89' lang='lat'>11</span> <span class='ocrx_word' id='word_1_356' title='bbox 1369 2594 1473 2626; x_wconf 93' lang='lat' dir='ltr'>non</span> <span class='ocrx_word' id='word_1_357' title='bbox 1508 2584 1623 2641; x_wconf 89' lang='lat' dir='ltr'>post</span> <span class='ocrx_word' id='word_1_358' title='bbox 1657 2593 1841 2626; x_wconf 88' lang='lat' dir='ltr'>annum</span> <span class='ocrx_word' id='word_1_359' title='bbox 1864 2577 1960 2626; x_wconf 84' lang='lat'>726</span> <span class='ocrx_word' id='word_1_360' title='bbox 1998 2573 2154 2625; x_wconf 88' lang='lat' dir='ltr'>editus</span> <span class='ocrx_word' id='word_1_361' title='bbox 2189 2586 2298 2621; x_wconf 86' lang='lat' dir='ltr'>esse</span> <span class='ocrx_word' id='word_1_362' title='bbox 2333 2568 2565 2631; x_wconf 86' lang='lat' dir='ltr'>videatur,</span> 
     </span>
     <span class='ocr_line' id='line_1_35' title="bbox 130 2648 2567 2720; baseline -0.003 -16"><span class='ocrx_word' id='word_1_363' title='bbox 130 2708 138 2718; x_wconf 53' lang='grc'><em>,</em></span> <span class='ocrx_word' id='word_1_364' title='bbox 177 2654 371 2704; x_wconf 84' lang='lat' dir='ltr'>Annius</span> <span class='ocrx_word' id='word_1_365' title='bbox 405 2653 598 2720; x_wconf 90' lang='lat' dir='ltr'>Lepos,</span> <span class='ocrx_word' id='word_1_366' title='bbox 656 2654 738 2719; x_wconf 89' lang='lat' dir='ltr'>qui</span> <span class='ocrx_word' id='word_1_367' title='bbox 774 2674 818 2705; x_wconf 92' lang='lat' dir='ltr'>a.</span> <span class='ocrx_word' id='word_1_368' title='bbox 859 2656 957 2704; x_wconf 85' lang='lat'>754</span> <span class='ocrx_word' id='word_1_369' title='bbox 1003 2654 1122 2704; x_wconf 87' lang='lat' dir='ltr'>obiit</span> <span class='ocrx_word' id='word_1_370' title='bbox 1157 2654 1516 2719; x_wconf 89' lang='lat' dir='ltr'>duodetriginta</span> <span class='ocrx_word' id='word_1_371' title='bbox 1551 2671 1710 2703; x_wconf 90' lang='lat' dir='ltr'>annos</span> <span class='ocrx_word' id='word_1_372' title='bbox 1755 2663 1923 2714; x_wconf 84' lang='lat' dir='ltr'>natus,</span> <span class='ocrx_word' id='word_1_373' title='bbox 1978 2653 2041 2703; x_wconf 90' lang='lat' dir='ltr'>ab</span> <span class='ocrx_word' id='word_1_374' title='bbox 2095 2668 2154 2700; x_wconf 93' lang='lat' dir='ltr'>eo</span> <span class='ocrx_word' id='word_1_375' title='bbox 2207 2648 2428 2698; x_wconf 86' lang='lat' dir='ltr'>diversus</span> <span class='ocrx_word' id='word_1_376' title='bbox 2479 2652 2567 2710; x_wconf 87' lang='lat' dir='ltr'>est,</span> 
     </span>
     <span class='ocr_line' id='line_1_36' title="bbox 178 2731 997 2798; baseline 0 -17"><span class='ocrx_word' id='word_1_377' title='bbox 178 2750 325 2798; x_wconf 89' lang='lat' dir='ltr'>quem</span> <span class='ocrx_word' id='word_1_378' title='bbox 361 2731 594 2784; x_wconf 87' lang='lat' dir='ltr'>Horatius</span> <span class='ocrx_word' id='word_1_379' title='bbox 634 2742 997 2785; x_wconf 88' lang='lat' dir='ltr'>commemorat.</span> 
     </span>
    </p>
   </div>
  </div>
 </body>
</html>
