2774 3711
1016 454 1700 583 Prooemium.

306 643 350 688 1.
387 639 447 690 Ο.
483 630 674 708 Lorenz
710 637 762 686 in
786 637 1100 703 praefatione
1133 635 1462 686 Mostellariae
1497 636 1751 688 Plautinae
1784 658 1816 689 a
1848 658 1902 690 se
1936 640 2096 690 editae
2129 658 2179 706 p.
2202 644 2280 703 17,
2318 644 2382 692 20
2417 652 2550 692 recte

171 719 470 781 observavit,
515 717 576 768 de
619 716 856 767 divisione
907 712 1213 795 palliatarum
1255 716 1308 766 in
1349 723 1487 766 actus
1539 716 1658 767 nihil
1693 728 1940 782 constare,
1995 737 2146 788 quum
2180 721 2433 771 notissima
2467 721 2551 771 illa

169 797 359 851 Horatii
392 798 547 849 verba
588 799 649 847 A.
684 797 737 845 P.
780 800 876 847 189
931 803 1125 860 (neve
1178 795 1376 845 minor
1425 812 1538 845 neu
1589 797 1674 846 sit
1725 800 1941 890 quinto
1993 799 2357 868 productior
2406 809 2551 852 actu

167 879 426 945 Fabula)
476 878 540 926 ad
574 876 704 926 solas
738 863 990 942 tragoedia
1008 893 1032 925 s
1067 877 1358 942 pertineant.
1424 876 1540 941 Ipse
1582 877 1807 942 palliatas
1857 881 1907 928 in
1960 888 2128 928 ternos
2179 888 2317 928 actus
2369 881 2549 929 divisas

166 958 316 1009 fuisse
349 957 622 1016 arbitratur.
670 956 868 1005 Poterat
912 956 974 1005 ad
1008 956 1137 1005 hanc
1171 954 1463 1004 sententiam
1498 956 1917 1022 comprobandam
1951 958 2388 1008 luculentissimum
2420 960 2550 1009 testi-

167 1036 385 1087 monium
418 1036 592 1084 afferre
626 1051 686 1082 ex
722 1031 975 1085 Ciceronis
1011 1033 1141 1101 Epp.
1179 1033 1242 1081 ad
1277 1032 1373 1094 Qu.
1410 1032 1493 1081 Fr.
1529 1034 1555 1081 I
1594 1039 1637 1094 1,
1682 1038 1756 1096 15,
1794 1040 1888 1085 46:
1943 1038 2105 1086 Illud
2147 1047 2205 1086 te
2239 1038 2314 1086 ad
2348 1046 2552 1086 extre·

168 1133 320 1166 mum
353 1124 413 1164 et
446 1132 552 1165 oro
586 1123 643 1163 et
676 1114 930 1176 hortor,
985 1123 1045 1163 ut
1078 1122 1381 1177 tamquam
1416 1121 1635 1177 poetae
1670 1115 1818 1163 boni
1861 1125 1921 1165 et
1965 1126 2212 1166 actores
2256 1115 2550 1165 industrii

168 1194 399 1257 solent,
450 1194 541 1245 sic
592 1202 652 1244 tu
702 1194 762 1244 in
798 1203 1068 1245 extrema
1104 1200 1278 1260 parte
1330 1199 1388 1240 et
1434 1192 1839 1245 conclusione
1883 1195 2153 1247 muneris
2204 1212 2272 1246 ac
2305 1192 2551 1262 negocii

91 1305 97 1323 x
165 1274 253 1325 tui
295 1272 816 1340 diligentissimus
852 1274 962 1335 sis,
1018 1281 1076 1322 ut
1128 1272 1231 1323 hic
1283 1272 1504 1321 tertius
1557 1288 1755 1323 annus
1808 1275 2057 1340 imperii
2109 1275 2198 1326 tui
2251 1282 2550 1341 tamquam

165 1354 397 1405 tertius
432 1360 608 1403 actus
642 1353 1136 1419 perfectissimus
1172 1359 1354 1416 atque
1390 1351 1827 1403 ornatissimus
1863 1353 2057 1404 fuisse
2093 1354 2397 1404 videatur.
2453 1354 2549 1406 Ubi

167 1431 359 1483 tertium
393 1441 553 1483 actum
589 1441 857 1483 extremum
893 1448 1001 1482 esse
1036 1439 1254 1497 apparet.

300 1514 363 1562 2„
396 1510 458 1561 In
493 1511 725 1562 Martialis
761 1511 1125 1577 epigrammatis
1161 1525 1515 1574 nonnunquam
1550 1518 1767 1560 extrema
1784 1528 2012 1561 versuum
2041 1499 2283 1563 vocabula
2316 1513 2367 1562 in
2397 1513 2549 1562 omni-

168 1590 259 1642 bus
291 1589 426 1641 libris
461 1599 689 1658 corrupta
723 1599 848 1642 sunt.
902 1589 979 1639 Ita
1000 1588 1102 1639 XII
1125 1589 1206 1651 32,
1248 1589 1445 1637 11—13
1483 1605 1670 1651 omneS,
1709 1597 1761 1639 ut
1797 1589 1998 1653 videtur,
2035 1589 2145 1641 libri
2179 1589 2303 1642 haec
2337 1590 2546 1642 habent:

706 1670 848 1721 Ibat
882 1670 1072 1736 tripes
1107 1668 1406 1736 grabatus
1452 1676 1511 1717 et
1547 1667 1721 1735 bipes
1757 1686 1986 1732 mensa,

711 1750 785 1799 Et
820 1766 954 1799 cum
988 1749 1243 1798 lucerna
1278 1765 1638 1814 corneoque
1673 1758 1920 1799 cratere

710 1829 966 1879 Matella
1001 1839 1179 1879 curto
1214 1837 1400 1893 rupta
1433 1827 1632 1877 latere
1667 1830 1963 1917 mejebat3

172 1908 296 1960 ubi
284 1926 335 1958 m
370 1886 569 1959 secundi
614 1925 784 1959 versus
829 1908 1045 1958 clausula
1087 1909 1389 1963 offendimus
1445 1925 1560 1958 nam
1605 1908 1712 1974 quis
1756 1926 1971 1975 unquam
2025 1910 2085 1959 de
2129 1926 2309 1960 corneo
2361 1918 2545 1959 cratere

171 1987 385 2039 audivit?
420 1987 533 2037 Non
568 1987 735 2037 dubito
771 1987 887 2053 quin
920 1987 1182 2053 legendum
1218 1989 1301 2037 sit:
1338 2004 1686 2054 corneaque
1722 1987 1980 2038 laterna.
2053 1988 2129 2040 Cf.
2167 1988 2289 2039 XIV
2323 1991 2381 2038 61
2421 1987 2548 2053 (La-

170 2076 348 2118 terna
382 2072 636 2128 cornea)
678 2076 737 2117 et
774 2070 836 2116 62
875 2067 1181 2129 (Laterna
1215 2067 1283 2116 de
1319 2068 1586 2122 vesica):
1643 2066 1886 2118 Cornea
1939 2070 1990 2118 si
2027 2086 2146 2119 non
2181 2086 2328 2125 sum,
2383 2085 2552 2118 num-

86 2160 89 2163 ’
170 2147 315 2213 quid
350 2164 477 2196 sum
511 2146 787 2198 fuscior?

304 2228 348 2276 3.
402 2226 462 2276 In
495 2226 637 2276 Plinii
673 2243 784 2293 epp.
821 2225 892 2276 IV
932 2220 1017 2286 13,
1065 2228 1094 2275 5
1150 2225 1256 2275 cod.
1309 2224 1554 2276 Mediceus
1606 2225 1728 2275 haec
1788 2226 1958 2277 habet:
2032 2224 2406 2289 Quantulum
2458 2234 2549 2275 est

172 2322 315 2371 ergo
367 2305 606 2356 collata
657 2306 918 2372 pecunia
972 2305 1315 2356 conducere
1379 2314 1853 2370 praeceptores,
1925 2306 2211 2372 quodque
2272 2323 2431 2356 nunc
2487 2307 2549 2355 in

174 2384 628 2447 habitationes,
665 2386 727 2434 in
763 2384 1027 2446 viatica,
1065 2385 1124 2433 in
1159 2401 1229 2433 ea
1264 2401 1414 2449 quae
1450 2401 1715 2449 peregre
1751 2394 2046 2434 eruuntur
2081 2384 2314 2446 (omnia
2350 2392 2549 2434 autem

170 2464 789 2533 peregrelemuntur)
823 2464 1231 2530 impenditis?

304 2544 418 2595 Non
453 2556 583 2595 recte
618 2555 736 2611 puto
760 2543 973 2594 Keilium
997 2544 1150 2594 Verba
1172 2545 1451 2610 parenthesi
1476 2543 1666 2595 inclusa
1690 2544 1904 2610 ejecisse.
1951 2544 2204 2596 Sententia
2227 2551 2316 2604 est,
2341 2558 2552 2610 peregre

173 2622 292 2673 nihil
326 2623 476 2689 gratis
512 2624 639 2684 dari,
693 2634 744 2672 ut
779 2623 1035 2674 Juvenalis
1070 2623 1146 2672 III
1185 2626 1279 2673 183
1327 2625 1532 2673 omnia
1573 2623 1793 2672 Romae
1841 2622 1985 2674 Cum
2032 2623 2230 2689 pretio
2273 2638 2383 2671 esse
2419 2622 2549 2672 dicit,
2576 2662 2592 2679 ,

174 2698 414 2769 Exempla
460 2704 811 2755 vocabulorum
869 2720 899 2753 a
933 2702 1090 2775 Plinio
1127 2702 1268 2754 simili
1303 2703 1449 2754 modo
1485 2703 1801 2768 repetitorum
1839 2702 2110 2769 composuit
2143 2700 2345 2754 Cortius
2380 2701 2444 2751 ad
2479 2701 2553 2752 IV

175 2784 220 2844 7,
257 2783 286 2831 2
318 2788 372 2831 et
406 2781 528 2833 VIII
564 2785 643 2844 24,
682 2787 726 2833 2.

301 2864 352 2928 4.
406 2860 592 2913 Lucian
625 2864 874 2929 Peregrin.
913 2862 1044 2912 Prot.
1087 2864 1175 2912 13:
1225 2859 1388 2911 ἔπειτα
1432 2863 1489 2911 δὲ
1523 2865 1550 2911 ὁ
1586 2862 1842 2925 νομοθέτης
1880 2863 1907 2909 ὖ
1942 2865 2124 2921 πρῶτος
2156 2857 2347 2908 ἔπεισεν
2383 2859 2556 2914 αὐτούς·

179 2938 548 3002 (Christianos),
599 2945 667 2998 ὡς
697 2942 893 3008 ἀδελφοὶ
928 2944 1099 2997 πάντες
1130 2940 1225 2989 εἷεν
1261 2941 1491 3006 ἀλλήλων,
1546 2942 1739 2989 ἐπειδὰν
1774 2942 1903 2994 ἅπαξ
1945 2940 2247 3005 παραβάντες
2288 2939 2432 2994 θεοὺς
2459 2941 2550 3001 μὲν
